@article{arxiv:astronomy_society,
  title         = {Astronomy and Society: The Road Ahead},
  author        = {Aniket Sule and Niruj Mohan Ramanujam and Moupiya Maji and Surhud More and Virendra Yadav and Anand Narayanan and Samir Dhurde and Jayant Ganguly and S. Seetha and Ajit Mohan Srivastava and B. S. Shylaja and Yogesh Wadadekar},
  year          = {2025},
  eprint        = {2501.06538},
  archiveprefix = {arXiv},
  primaryclass  = {physics.ed-ph},
  doi           = {10.48550/arXiv.2501.06538},
  url           = {https://arxiv.org/abs/2501.06538}
}

@article{arxiv:egypt,
  title         = {Senenmut: An Ancient Egyptian Astronomer},
  author        = {Bojan Novakovic},
  year          = {2008},
  eprint        = {0801.1331},
  archiveprefix = {arXiv},
  primaryclass  = {astro-ph},
  doi           = {10.48550/arXiv.0801.1331},
  url           = {https://arxiv.org/abs/0801.1331}
}

@article{enim:egypt,
  author       = {Gyula Priskin},
  journaltitle = {ENiM 12},
  title        = {The Constellations of the Egyptian Astronomical Diagrams},
  year         = {2019},
  url          = {http://www.enim-egyptologie.fr/?page=enim-12&n=8}
}  

@misc{jpeg2000,
  author  = {{Joint Photographic Experts Group commitee}},
  title   = {Overview of JPEG 2000},
  url     = {https://jpeg.org/jpeg2000/index.html},
  urldate = {2024-01-27}
}  

@misc{stellarium:homepage,
  author  = {Stellarium},
  title   = {Úvodní stránka},
  year    = {2024},
  url     = {https://stellarium.org/},
  urldate = {2024-11-24}
}  

@misc{stellarium:rcAPI,
  author  = {Stellarium},
  title   = {RemoteControl plugin HTTP API description},
  year    = {2024},
  url     = {https://stellarium.org/doc/head/remoteControlApi.html},
  urldate = {2024-12-15}
}  

@misc{stellarium:rcDoc,
  author  = {Stellarium},
  title   = {Remote Control Plug-in documentation},
  year    = {2024},
  url     = {https://stellarium.org/doc/24.0/remoteControlDoc.html},
  urldate = {2024-12-15}
}  

@misc{wiki:blend,
  author  = {Wikipedie},
  title   = {Blend modes --- Wikipedie: Otevřená encyklopedie},
  langid  = {english},
  year    = {2024},
  url     = {https://en.wikipedia.org/w/index.php?title=Blend_modes&oldid=1247477725},
  urldate = {2024-10-30}
}

@misc{wiki:ecmascript,
  author  = {Wikipedie},
  title   = {ECMAScript --- Wikipedie: Otevřená encyklopedie},
  year    = {2024},
  url     = {https://en.wikipedia.org/w/index.php?title=ECMAScript&oldid=1248165077},
  urldate = {2024-11-24}
}

@misc{wiki:stellarium,
  author  = {Wikipedie},
  title   = {Stellarium --- Wikipedie: Otevřená encyklopedie},
  year    = {2021},
  url     = {https://cs.wikipedia.org/w/index.php?title=Stellarium&oldid=20546906},
  urldate = {2024-10-28}
}